@MISC{Chen2012,
  author = {Chen, W.-C. and Ostrouchov, G. and Schmidt, D. and Patel, P. and
            Yu, H.},
  title = {pbdMPI: Programming with Big Data -- Interface to MPI},
  year = {2012},
  note = {R Package},
  url = {http://cran.r-project.org/package=pbdMPI}
}

@ARTICLE{Schmidberger2009,
  author = {Schmidberger, M. and Morgan, M. and Eddelbuettel, D. and Yu, H. and
            Tierney, L. and Mansmann, U.},
  title = {State of the Art in Parallel Computing with {R}},
  journal = {Journal of Statistical Software},
  year = {2009},
  volume = {31},
  long_journal = {Journal of Statistical Software}
}
@Manual{Rcore,
  title = {R: A Language and Environment for Statistical Computing},
  author = {{R Core Team}},
  organization = {R Foundation for Statistical Computing},
  address = {Vienna, Austria},
  year = {2012},
  note = {{ISBN} 3-900051-07-0},
  url = {http://www.r-project.org/},
}
@MISC{Yu2010,
  author = {Yu, H.},
  title = {Rmpi: Interface (Wrapper) to MPI (Message-Passing Interface))},
  year = {2010},
  note = {R Package (v:0.5-9)},
  url = {http://cran.r-project.org/package=Rmpi}
}
@MISC{Tierney2012,
  title = {snow: Simple Network of Workstations},
  author = {Luke Tierney and A. J. Rossini and Na Li and H. Sevcikova},
  year = {2012},
  note = {R package (v:0.3-9)},
  url = {http://cran.r-project.org/package=snow}
}
@MISC{Urbanek2011,
  title = {multicore: Parallel processing of R code on machines with multiple cores or CPUs},
  author = {Simon Urbanek},
  year = {2011},
  note = {R package (v:0.1-7)},
  url = {http://cran.r-project.org/package=multicore}
}
@MANUAL{Raim2013,
  title = {Introduction to distributed computing with pbdR at the UMBC
           High Performance Computing Facility (Technical report HPCF-2013-2)},
  author = {Raim, A.M.},
  year = {2013},
  organization = {UMBC High Performance Computing Facility,
                  University of Maryland, Baltimore County}
}
